@inproceedings{wetzels2018,
  title={{The Handbook of Portuguese Linguistics, editado por W. Leo Wetzels, João Costa e Sérgio Menuzzi}},
  author={Sandra Quarezemin and Núbia Saraiva Ferreira and Ana Lívia Agostinho and Giuseppe Varaschin and Karina Zendron da Cunha and Luciano Denardin de Oliveira},
  year={2018}
}
@article{delrio2019a,
  title={{Automatic proficiency classification in L2 Portuguese}},
  author={Iria del Río},
  journal={Procesamiento del Lenguaje Natural},
  year={2019},
  volume={63},
  pages={67-74}
}
@inproceedings{delrio2018,
  title={{A Portuguese Native Language Identification Dataset}},
  author={Iria del Río and Marcos Zampieri and Shervin Malmasi},
  booktitle={BEA@NAACL-HLT},
  year={2018}
}
@inproceedings{ventura2015,
  title={{The importance of task variability in the design of learner corpora for SLA research}},
  author={Nicole Tracy-Ventura and Florence Myles},
  year={2015}
}
@inproceedings{delrio2019b,
    title = "Linguistic features and proficiency classification in {L}2 {S}panish and {L}2 {P}ortuguese.",
    author = "Iria del Río",
    booktitle = "Proceedings of the 8th Workshop on NLP for Computer Assisted Language Learning",
    month = sep,
    year = "2019",
    address = "Turku, Finland",
    publisher = "LiU Electronic Press",
    pages = "31--40",
}
@inproceedings{rodrigues2018-nlpport,
  title={{NLPPort: A Pipeline for Portuguese NLP (Short Paper)}},
  author={Ricardo Rodrigues and Hugo Gonçalo Oliveira and Paulo Gomes},
  booktitle={SLATE},
  year={2018}
}
@inproceedings{branco-2008-lx,
    title = "{{LX}-Service: Web Services of Language Technology for {P}ortuguese}",
    author = "Branco, António  and
      Costa, Francisco  and
      Martins, Pedro  and
      Nunes, Filipe  and
      Silva, João  and
      Silveira, Sara",
    booktitle = "Proceedings of the Sixth International Conference on Language Resources and Evaluation ({LREC}'08)",
    month = may,
    year = "2008",
    address = "Marrakech, Morocco",
    publisher = "European Language Resources Association (ELRA)"
}
@inproceedings{chen2016-ctap,
  title={{CTAP: A Web-Based Tool Supporting Automatic Complexity Analysis}},
  author={Xiaobin Chen and Walt Detmar Meurers},
  booktitle={CL4LC@COLING 2016},
  year={2016}
}
@inproceedings{okinina2020-ctap,
  title={{CTAP for Italian: Integrating Components for the Analysis of Italian into a Multilingual Linguistic Complexity Analysis Tool}},
  author={Nadezda Okinina and Jennifer-Carmen Frey and Zarah Weiß},
  booktitle={LREC},
  year={2020}
}
@article{uima2004,
    Title = {{UIMA: An Architectural Approach to Unstructured Information Processing in the Corporate Research Environment}},
    Author = {Ferrucci, David and Lally, Adam},
    Journal = {Natural Language Engineering},
    Volume = {10},
    Number = {3-4},
    Month = {Sep},
    Year = {2004},
    Pages = {327--348},
    Publisher = {Cambridge University Press},
    Address = {New York, NY, USA},
}
@article{qi2020-stanza,
  title={{Stanza: A Python Natural Language Processing Toolkit for Many Human Languages}},
  author={Peng Qi and Yuhao Zhang and Yuhui Zhang and Jason Bolton and Christopher D. Manning},
  journal={ArXiv},
  year={2020},
  volume={abs/2003.07082}
}
@InProceedings{rademaker2017-bosque,
   author =  {Alexandre Rademaker and Fabricio Chalub and Livy
              Real and Cláudia Freitas and Eckhard Bick and
              Valeria de Paiva},
   title = 	 {{Universal Dependencies for Portuguese}},
   booktitle = {Proceedings of the Fourth International Conference on Dependency
                Linguistics (Depling)},
   year =	 {2017},
   pages =	 {197-206},
   month =	 {September},
   address =	 {Pisa, Italy}
}
@inproceedings{vajjala2014-estonian,
    title = "Automatic {CEFR} Level Prediction for {E}stonian Learner Text",
    author = "Vajjala, Sowmya  and
      Lõo, Kaidi",
    booktitle = "Proceedings of the third workshop on {NLP} for computer-assisted language learning",
    month = nov,
    year = "2014",
    address = "Uppsala, Sweden",
    publisher = "LiU Electronic Press",
    pages = "113--127",
}
@article{graesser2004-cohmetrix,
  title={{Coh-Metrix: Analysis of text on cohesion and language}},
  author={Arthur C. Graesser and Danielle S. McNamara and Max M. Louwerse and Zhiqiang Cai},
  journal={Behavior Research Methods, Instruments, & Computers},
  year={2004},
  volume={36},
  pages={193-202}
}
@article{lu2010-l2,
  title={Automatic analysis of syntactic complexity in second language writing},
  author={Xiaofei Lu},
  journal={International Journal of Corpus Linguistics},
  year={2010},
  volume={15},
  pages={474-496}
}
@inproceedings{kyle2016-taassc,
  title={{Measuring Syntactic Development in L2 Writing: Fine Grained Indices of Syntactic Complexity and Usage-Based Indices of Syntactic Sophistication}},
  author={Kristopher Kyle},
  year={2016}
}
@inproceedings{hancke2013-german,
author = {Hancke, Julia and Meurers, Detmar},
year = {2013},
month = {01},
pages = {54-56},
title = {{Exploring CEFR classification for German based on rich linguistic modeling}}
}
@inproceedings{ostling2013-swedish,
    title = "Automated Essay Scoring for {S}wedish",
    author = {Östling, Robert  and
      Smolentzov, Andre  and
      Tyrefors Hinnerich, Björn  and
      Höglin, Erik},
    booktitle = "Proceedings of the Eighth Workshop on Innovative Use of {NLP} for Building Educational Applications",
    month = jun,
    year = "2013",
    address = "Atlanta, Georgia",
    publisher = "Association for Computational Linguistics",
    pages = "42--47",
}
@inproceedings{pilan2016-swedish,
  title={{Classification of Language Proficiency Levels in Swedish Learners’ Texts}},
  author={Ildikó Pilán and Elena Volodina},
  year={2016}
}
@article{weiss2019-german,
  title={{Broad Linguistic Modeling is Beneficial for German L2 Proficiency Assessment}},
  author={Zarah Weiß and Detmar Meurers},
  journal={Widening the Scope of Learner Corpus Research: Selected Papers from the 4th Learner Corpus Research Conference},
  year={2019},
  pages = "419-435"
}
@article{vajjala2018-cefr,
   title={Experiments with Universal CEFR Classification},
   journal={Proceedings of the Thirteenth Workshop on Innovative Use of NLP for
          Building Educational Applications},
   publisher={Association for Computational Linguistics},
   author={Vajjala, Sowmya and Rama, Taraka},
   year={2018}
}
@article{vajjala2017-features,
  title={{Automated Assessment of Non-Native Learner Essays: Investigating the Role of Linguistic Features}},
  author={Sowmya Vajjala},
  journal={International Journal of Artificial Intelligence in Education},
  year={2017},
  volume={28},
  pages={79-105}
}
@inproceedings{mendes2018-ldmpt,
    title = "{A Lexicon of Discourse Markers for {P}ortuguese {--} {LDM}-{PT}}",
    author = "Mendes, Amália  and
      del Río, Iria  and
      Stede, Manfred  and
      Dombek, Felix",
    booktitle = "Proceedings of the Eleventh International Conference on Language Resources and Evaluation ({LREC} 2018)",
    month = may,
    year = "2018",
    address = "Miyazaki, Japan",
    publisher = "European Language Resources Association (ELRA)"
}
@article{housen2009,
author = {Housen, Alex and Kuiken, F.},
year = {2009},
month = {12},
pages = {},
title = {{Complexity, Accuracy and Fluency in Second Language Acquisition}},
volume = {30},
journal = {Applied Linguistics},
}
@inproceedings{branco2014-cintil,
author = {Branco, António and Carvalheiro, Catarina and Costa, Francisco and Castro, Sérgio and Silva, João and Martins, Cláudia and Ramos, Joana},
year = {2014},
month = {10},
pages = {207-213},
title = {{DeepBankPT and Companion Portuguese Treebanks in a Multilingual Collection of Treebanks Aligned with the Penn Treebank}},
isbn = {978-3-319-09760-2},
}
@inproceedings{dkpro,
    title = "A broad-coverage collection of portable {NLP} components for building shareable analysis pipelines",
    author = "Eckart de Castilho, Richard  and
      Gurevych, Iryna",
    booktitle = "Proceedings of the Workshop on Open Infrastructures and Analysis Frameworks for {HLT}",
    month = aug,
    year = "2014",
    address = "Dublin, Ireland",
    publisher = "Association for Computational Linguistics and Dublin City University",
    pages = "1--11",
}
@article{vadas2011-parsing,
    title = "{Parsing Noun Phrases in the {P}enn Treebank}",
    author = "Vadas, David  and
      Curran, James R.",
    journal = "Computational Linguistics",
    volume = "37",
    number = "4",
    year = "2011",
    pages = "753--809",
}
@article{cameirão2010,
  title={{Age-of-acquisition norms for a set of 1,749 Portuguese words}},
  author={Manuela L. Cameirão and Selene G. Vicente},
  journal={Behavior Research Methods},
  year={2010},
  volume={42},
  pages={474-480}
}
@article{soares2016,
  title={{The Minho Word Pool: Norms for imageability, concreteness, and subjective frequency for 3,800 Portuguese words}},
  author={Ana Paula Soares and Ana Elizabeth Santos Costa and João Junior da Silva Machado and Montserrat Comesaña and Helena Oliveira},
  journal={Behavior Research Methods},
  year={2017},
  volume={49},
  pages={1065-1081}
}
@article{tang2012-subtlex,
  title={{A 61 Million Word Corpus of {B}razilian {P}ortuguese Film Subtitles as a Resource for Linguistic Research}},
  author={Tang, Kevin},
  journal={UCL Working Papers in Linguistics},
  volume={24},
  pages={208--214},
  year={2012},
  publisher={UCL Working Papers in Linguistics}
}
@article{soares-subtlex,
  title={{On the Advantages of Word Frequency and Contextual Diversity Measures Extracted from Subtitles: The Case of Portuguese}},
  author={Ana Paula Soares and João Junior da Silva Machado and Ana Elizabeth Santos Costa and Álvaro Iriarte and Alberto Simões and José João de Almeida and Montserrat Comesaña and Manuel Perea},
  journal={Quarterly Journal of Experimental Psychology},
  year={2015},
  volume={68},
  pages={680 - 696}
}
@article{galves2005,
author = {Galves, Charlotte and Moraes, M. A. and Ribeiro, Ilza},
year = {2005},
month = {12},
pages = {143-177},
title = {{Syntax and Morphology in the Placement of Clitics in European and Brazilian Portuguese}},
volume = {4},
journal = {Journal of Portuguese Linguistics},
}
@article{flores2016,
  title={{Age and input effects in the acquisition of mood in Heritage Portuguese.}},
  author={Cristina Flores and Ana Lúcia Santos and Alice Pereira de Jesus and Rui Marques},
  journal={Journal of child language},
  year={2017},
  volume={44 4},
  pages={795-828}
}
@article{rinke2019,
  title={{Heritage Portuguese and Heritage Polish in Contact with German: More Evidence on the Production of Objects}},
  author={Esther Rinke and Cristina Flores and Aldona Sopata},
  journal={Langages},
  year={2019},
  volume={4},
  pages={53}
}
@article{marques2007,
  title={{Estimated age of acquisition norms for 834 Portuguese nouns and their relation with other psycholinguistic variables}},
  author={J. Frederico Marques and Francisca L Fonseca and Sofia Morais and Inês Pinto},
  journal={Behavior Research Methods},
  year={2007},
  volume={39},
  pages={439-444}
}
@article{lobo2019,
  title={Effects of syntactic structure on the comprehension of clefts},
  author={Maria Lobo and Ana Lúcia Santos and Carla Soares-Jesel and Stéphanie Vaz},
  journal={Glossa},
  year={2019},
  volume={4},
  pages={1-23}
}
@inproceedings{berggren2019-norwegian,
    title = {{Regression or classification? Automated Essay Scoring for {N}orwegian}},
    author = "Berggren, Johan Stig  and
      Rama, Taraka  and
      Øvrelid, Lilja",
    booktitle = "Proceedings of the Fourteenth Workshop on Innovative Use of NLP for Building Educational Applications",
    month = aug,
    year = "2019",
    address = "Florence, Italy",
    publisher = "Association for Computational Linguistics",
    pages = "92--102",
}
@article{yang2015,
author = {Yang, Weiwei and Lu, Xiaofei and Weigle, Sara},
year = {2015},
month = {06},
pages = {},
title = {Different topics, different discourse: Relationships among writing topic, measures of syntactic complexity, and judgments of writing quality},
volume = {28},
journal = {Journal of Second Language Writing},
}
@article{scikit-learn,
 title={{Scikit-learn: Machine Learning in {P}ython}},
 author={Pedregosa, F. and Varoquaux, G. and Gramfort, A. and Michel, V.
         and Thirion, B. and Grisel, O. and Blondel, M. and Prettenhofer, P.
         and Weiss, R. and Dubourg, V. and Vanderplas, J. and Passos, A. and
         Cournapeau, D. and Brucher, M. and Perrot, M. and Duchesnay, E.},
 journal={Journal of Machine Learning Research},
 volume={12},
 pages={2825--2830},
 year={2011}
}

@article{weka, 
  author = {Mark Hall and Eibe Frank and Geoffrey Holmes and Bernhard Pfahringer and Peter Reutemann and Ian H. Witten}, 
  title = {The {WEKA} data mining software: an update}, 
  journal = {SIGKDD Explorations}, 
  volume = 11, 
  number = 1, 
  year = 2009, 
  pages = {10-18} 
}
@article{pylinguistics,
author = {Castilhos, S. and Woloszyn, V., and Barno, D. and Wives, L. K.},
title = {Pylinguistics: an open source library for readability assessment of texts written in {P}ortuguese}, journal = {Revista de Sistemas de Informação da FSMA}, year = {2016}, volume = {18}, issn = {1983-5604},
}
@article{simoes2006,
author = {Simoes, Antonio Roberto},
year = {2006},
month = {05},
pages = {380},
title = {{Clitic Attachment in Brazilian Portuguese}},
volume = {89},
journal = {Hispania}
}
@article{costa2015,
  title={{Input variability and late acquisition: clitic misplacement in European Portuguese}},
  author={João H. C. Costa and Alexandra Fiéis and Maria Raika Guimarães Lobo},
  journal={Lingua},
  year={2015},
  volume={161},
  pages={10-26}
}
@article{rinke2014,
  title={{Morphosyntactic knowledge of clitics by Portuguese heritage bilinguals}},
  author={Esther Rinke and Cristina Flores},
  journal={Bilingualism: Language and Cognition},
  year={2014},
  volume={17},
  pages={681-699}
}
@article{flores2014,
  title={{When reduced input leads to delayed acquisition: A study on the acquisition of clitic placement by Portuguese heritage speakers}},
  author={Cristina Flores and Pilar Barbosa},
  journal={International Journal of Bilingualism},
  year={2014},
  volume={18},
  pages={304 - 325}
}
@article{jesus2019,
  title={{Semantic features in the acquisition of mood in European Portuguese}},
  author={Alice Pereira de Jesus and Rui Cunha Marques and Ana Lúcia Santos},
  journal={Language Acquisition},
  year={2019},
  volume={26},
  pages={302 - 338}
}
@inproceedings{tregex,
  title={{Tregex and Tsurgeon: tools for querying and manipulating tree data structures}},
  author={Roger Levy and Galen Andrew},
  booktitle={LREC},
  year={2006}
}
@inproceedings{ellis2003,
  title={{Task-based Language Learning and Teaching}},
  author={Rod Ellis},
  year={2003}
}
@inproceedings{inflinf,
  title={{Overtly/Non-Overtly Inflected Infinitives in Romance}},
  author={Ambar, Manuela and others},
  year={2017}
}
@article{aoa,
author = {John B. Carroll and Margaret N. White},
title ={{Word Frequency and Age of Acquisition as Determiners of Picture-Naming Latency}},
journal = {Quarterly Journal of Experimental Psychology},
volume = {25},
number = {1},
pages = {85-95},
year = {1973}
}
@article{paivio,
  title={{Concreteness, imagery, and meaningfulness values for 925 nouns.}},
  author={Allan Paivio and John C. Yuille and Stephen A. Madigan},
  journal={Journal of experimental psychology},
  year={1968},
  volume={76 1},
  pages={
          Suppl:1-25
        }
}
@article{familiarity,
  title={{Resolving 20 years of inconsistent interactions between lexical familiarity and orthography, concreteness, and polysemy.}},
  author={Morton Ann Gernsbacher},
  journal={Journal of experimental psychology. General},
  year={1984},
  volume={113 2},
  pages={
          256-81
        }
}
@inproceedings{burstein,
  title={{Using Entity-Based Features to Model Coherence in Student Essays}},
  author={Jill Burstein and Joel R. Tetreault and Slava Andreyev},
  booktitle={HLT-NAACL},
  year={2010}
}
@inproceedings{granger,
  title={{Connector usage in the English essay writing of native and non-native EFL speakers of English}},
  author={Sylviane Granger and S. C. Tyson},
  year={1996}
}
@inproceedings{silva2010,
  title={{Out-of-the-Box Robust Parsing of Portuguese}},
  author={João Ricardo Silva and António Branco and Sérgio Castro and Ruben Reis},
  booktitle={PROPOR},
  year={2010}
}
 @phdthesis{hall1998,
    address = {Hamilton, New Zealand},
    author = {M. A. Hall},
    school = {University of Waikato},
    title = {{Correlation-based Feature Subset Selection for Machine Learning}},
    year = {1998}
 }
 @article{lu2012,
author = {Lu, Xiaofei},
year = {2012},
month = {06},
pages = {190-208},
title = {{The Relationship of Lexical Richness to the Quality of ESL Learners' Oral Narratives}},
volume = {96},
journal = {The Modern Language Journal}
}
@inproceedings{gibson2000,
  title={{The dependency locality theory: A distance-based theory of linguistic complexity.}},
  author={Edward Gibson},
  year={2000}
}
@article{inf,
author = {Rothman, Jason},
year = {2007},
month = {01},
pages = {},
title = {{Heritage speaker competence differences, language change, and input type: Inflected infinitives in Heritage Brazilian Portuguese}},
volume = {11},
journal = {International Journal of Bilingualism - INT J BILING}
}
@article{lobo2015,
author = {Lobo, Maria and Santos, Ana Lúcia and Soares-Jesel, Carla},
year = {2015},
month = {03},
pages = {},
title = {{Syntactic Structure and Information Structure: The Acquisition of Portuguese Clefts and Be-Fragments}},
volume = {23},
journal = {Language Acquisition}
}
@article{chen2017,
  title={{Word frequency and readability: Predicting the text-level readability with a lexical-level attribute}},
  author={Xiaobin Chen and Detmar Meurers},
  journal={Journal of Research in Reading},
  year={2018},
  volume={41},
  pages={486-510}
}
@book{cefr2001,
  title={Common European Framework of Reference for Languages: Learning, Teaching, Assessment},
  author={Council of Europe and Council of Europe. Council for Cultural Co-operation. Education Committee. Modern Languages Division},
  isbn={9780521803137},
  series={European year of languages},
  year={2001},
  publisher={Cambridge University Press}
}
@book{vygotsky1986,
  title={{Thought and Language}},
  author={Vygotski, L.S. and Kozulin, A.},
  isbn={9780262720106},
  lccn={85024040},
  series={MIT paperback series},
  year={1986},
  publisher={MIT Press}
}
@inproceedings{krashen1981,
  title={{The “Fundamental Pedagogical Principle" in Second Language Teaching}},
  author={Stephen D. Krashen},
  year={1981}
}
@article{pallotti2009,
author = {Pallotti, Gabriele},
year = {2009},
month = {12},
pages = {590-601},
title = {{CAF: Defining, Refining and Differentiating Constructs}},
volume = {30},
journal = {Applied Linguistics - APPL LINGUIST}
}
@article{norris2009,
author = {Norris, John and Ortega, Lourdes},
year = {2009},
month = {12},
pages = {555-578},
title = {{Towards an Organic Approach to Investigating CAF in Instructed SLA: The Case of Complexity}},
volume = {30},
journal = {Applied Linguistics - APPL LINGUIST}
}
@inproceedings{templin1957,
  title={{Certain language skills in children}},
  author={Mildred C. Templin},
  year={1957}
}
@inproceedings{guiraud1960,
  title={Problémes et méthodes de la statistique linguistique},
  author={Pierre Guiraud},
  year={1960}
}
@inproceedings{herdan1964,
  title={{Quantatative Linguistics or Generative Grammar?}},
  author={Gustav Herdan},
  year={1964}
}
@book{dugast1979,
  title={Théâtre et dialogue: études de lexicométrie organisationnelle sur les théâtre de Corneille, Racine et Giraudoux, sur des pièces de Corneille, Racine, Molière et Beaumarchais, sur un entretien entre Maurice Clavel et Philippe Sollers, précédées d'un historique des méthodes quantitatives en lexicologie et des fondements d'une explication nouvelle: UBER.},
  author={Daniel Dugast},
  isbn={9782051000598},
  series={Travaux de linguistique quantitative},
  year={1979},
  publisher={Verlag nicht ermittelbar}
}
@article{mccarthy2010,
author = {McCarthy, Philip and Jarvis, Scott},
year = {2010},
month = {05},
pages = {381-92},
title = {{MTLD, vocd-D, and HD-D: A validation study of sophisticated approaches to lexical diversity assessment}},
volume = {42},
journal = {Behavior research methods}
}
@inproceedings{carroll1964,
  title={{Language and Thought}},
  author={John B. Carroll},
  year={1964}
}
@article{mccarthy2007,
author = {McCarthy, Philip and Jarvis, Scott},
year = {2007},
month = {10},
pages = {459-488},
title = {{Vocd: A theoretical and empirical evaluation. Language Testing, 24, 459-488}},
volume = {24},
journal = {Language Testing - LANG TEST}
}
@article{new2007,
title={The use of film subtitles to estimate word frequencies},
volume={28},
number={4},
journal={Applied Psycholinguistics},
publisher={Cambridge University Press},
author={New, Boris and Brysbaert, Marc and Veronis, Jean and Pallier, Christophe},
year={2007},
pages={661–677}
}
@article{subtlex,
author = {Brysbaert, Marc and New, Boris},
year = {2009},
month = {11},
pages = {977-90},
title = {{Moving beyond Kučera and Francis: A Critical Evaluation of Current Word Frequency Norms and the Introduction of a New and Improved Word Frequency Measure for American English}},
volume = {41},
journal = {Behavior research methods}
}
@inbook{bulte2012,
author = {Housen, Alex and Bulté, Bram},
year = {2012},
month = {10},
pages = {21-46},
title = {{Defining and operationalising L2 complexity}},
isbn = {9789027213068},
journal = {Dimensions of L2 performance and proficiency: Complexity, accuracy and fluency in SLA}
}
@article{ortega2003,
    author = {Ortega, Lourdes},
    title = "{Syntactic Complexity Measures and their Relationship to L2 Proficiency: A Research Synthesis of College Level L2 Writing}",
    journal = {Applied Linguistics},
    volume = {24},
    number = {4},
    pages = {492-518},
    year = {2003},
    month = {12},
    issn = {0142-6001}
}
@inproceedings{hunt1965,
  title={Grammatical structures written at three grade levels},
  author={Kellogg W. Hunt},
  year={1965}
}
@book{wq1998,
  title={Second Language Development in Writing: Measures of Fluency, Accuracy, \& Complexity},
  author={Wolfe-Quintero, K. and Inagaki, S. and Kim, H.Y. and University of Hawaii at Manoa. Second Language Teaching \& Curriculum Center},
  isbn={9780824820695},
  series={National Foreign Language Center Technical Reports},
  year={1998},
  publisher={Second Language Teaching \& Curriculum Center, University of Hawaii at Manoa}
}
@inproceedings{rf,
author = {Ho, Tin Kam},
title = {{Random Decision Forests}},
year = {1995},
isbn = {0818671289},
publisher = {IEEE Computer Society},
address = {USA},
booktitle = {Proceedings of the Third International Conference on Document Analysis and Recognition (Volume 1) - Volume 1},
pages = {278},
numpages = {1},
keywords = {suboptimal accuracy, handwritten digits, random decision forests, optical character recognition, generalization accuracy, stochastic modeling, complexity, handwriting recognition, decision theory, decision trees, tree-based classifiers},
series = {ICDAR ’95}
}
@article{alexopoulou,
author = {Alexopoulou, Dora and Michel, Marije and Murakami, A and Meurers, Detmar},
year = {2017},
month = {02},
pages = {},
title = {Task effects on linguistic complexity and accuracy: a large-scale learner corpus analysis employing Natural Language Processing Techniques}
}
@book{ortega2012,
  title={Interlanguage complexity: A construct in search of theoretical renewal.},
  author={Ortega, Lourdes},
  year={2012}
}
@inproceedings{vajjala2014-readability,
author = {Vajjala, Sowmya and Meurers, Detmar},
year = {2014},
month = {01},
pages = {},
title = {{Exploring Measures of “Readability” for Spoken Language: Analyzing linguistic features of subtitles to identify age-specific TV programs}}
}
@inproceedings{iverson2008,
  title={{The Syntax-semantics interface in L2 acquisition: genericity and inflected infinitive complements in non-native Portuguese}},
  author={Michael Iverson and Jason A. Rothman},
  year={2008}
}
@inproceedings{rothman2010,
author = {Rothman, Jason and Pires, Acrisio and Santos, Ana},
year = {2010},
month = {01},
pages = {},
title = {{Acquisition of inflected and uninflected infinitives child L1 European Portuguese.}}
}
@inproceedings{rothman2013,
  title={{How early after all? Inflected infinitives in European and Brazilian Portuguese L1 production}},
  author={Jason Rothman and Inês Duarte and Acrisio Pires and Ana Lúcia Santos},
  year={2013}
}
@article{vyatkina2012,
  title={{The Development of Second Language Writing Complexity in Groups and Individuals: A Longitudinal Learner Corpus Study}},
  author={N. A. Vyatkina},
  journal={The Modern Language Journal},
  year={2012},
  volume={96},
  pages={576-598}
}
@article{crossley2017,
  title={{Examining Lexical Development in Second Language Learners: An Approximate Replication of Salsbury, Crossley & McNamara.}},
  author={Scott A. Crossley and Stephen Cameron Skalicky},
  journal={Language Teaching},
  year={2017},
  volume={52},
  pages={385-405}
}
@article{crossley2012,
  title={Predicting the proficiency level of language learners using lexical indices},
  author={S. Crossley and Tom Salsbury and D. McNamara},
  journal={Language Testing},
  year={2012},
  volume={29},
  pages={243 - 263}
}
@article{crossley2011,
  title={{Shared features of L2 writing: Intergroup homogeneity and text classification}},
  author={S. Crossley and D. McNamara},
  journal={Journal of Second Language Writing},
  year={2011},
  volume={20},
  pages={271-285}
}
@inproceedings{delrio2018-error,
    title = "{Error annotation in a Learner Corpus of {P}ortuguese}",
    author = "del Río, Iria  and
      Mendes, Amália",
    booktitle = "Proceedings of the Eleventh International Conference on Language Resources and Evaluation ({LREC} 2018)",
    month = may,
    year = "2018",
    address = "Miyazaki, Japan",
    publisher = "European Language Resources Association (ELRA)"
}
@article{yang2012,
title = "{The use of cohesive devices in argumentative writing by Chinese EFL learners at different proficiency levels}",
journal = "Linguistics and Education",
volume = "23",
number = "1",
pages = "31 - 48",
year = "2012",
issn = "0898-5898",
author = "Wenxing Yang and Ying Sun",
keywords = "Cohesive devices, EFL learners, Patterns of variation, Written discourse competence, Writing quality, ESL/EFL writing pedagogy",
}
@article{crossley2016,
  title={{The development and use of cohesive devices in L2 writing and their relations to judgments of essay quality}},
  author={S. Crossley and K. Kyle and D. McNamara},
  journal={Journal of Second Language Writing},
  year={2016},
  volume={32},
  pages={1-16}
}